@test {test,
    title = "Testing Citation tool",
    url = "https://example.com",
    addendum = "(accessed: 2021-02-03)",
    keywords = "test",
}